<?xml version="1.0" encoding="UTF-8"?><collection xmlns="http://www.loc.gov/MARC21/slim"><record><leader>00324nam--2200121-i-4500</leader><controlfield tag="001">000002616</controlfield><controlfield tag="002">20161230</controlfield><controlfield tag="005">20161230201025</controlfield><controlfield tag="008">060222s1000------------r-----000-0-eng-d</controlfield><datafield ind1=" " ind2=" " tag="100"><subfield code="a">Buckner, H</subfield></datafield><datafield ind1=" " ind2=" " tag="245"><subfield code="a">Die praktische behandlung von integral-gleichu ngen</subfield></datafield><datafield ind1=" " ind2=" " tag="260"><subfield code="a">Berlin, Springer-verlag, 1952. Vi + 127 P</subfield></datafield><datafield ind1=" " ind2=" " tag="852"><subfield code="a">10039</subfield></datafield></record></collection>